@article{10.1257/aer.20161500,
Author = {Mas, Alexandre and Pallais, Amanda},
Title = {Valuing Alternative Work Arrangements},
Journal = {American Economic Review},
Volume = {107},
Number = {12},
Year = {2017},
Month = {December},
Pages = {3722-59},
DOI = {10.1257/aer.20161500},
URL = {https://www.aeaweb.org/articles?id=10.1257/aer.20161500}}
